@article{robocup,
  author = {Hiroaki Kitano and Minoru Asada and Yasuo Kuniyoshi and Itsuki Noda
	and Eiichi Osawa and Hitoshi Matsubara},
  title = {RoboCup: {A} Challenge Problem for {AI}},
  journal = {AI Magazine},
  year = {1997},
  volume = {18},
  pages = {73--85},
  number = {1}
}

@ARTICLE{naopaper,
title={A Mechatronic Platform, The {A}ldebaran Robotics Humanoid Robot},
author={Gouaillier, David and Blazevic, Pierre},
journal={32nd IEEE Annual Conference on Industrial Electronics, IECON 2006},
year={2006},
month={November},
volume={},
number={},
pages={4049-4053},
doi={10.1109/IECON.2006.347816},
ISSN={1553-572X}, }

	
@OTHER{SPLrules2009,
  author = {{RoboCup Technical Committee}},
  title = {{Standard Platform League} Rule Book},
  year = {2009}
}

@Manual{gpb2010,
OPTkey = {},
author = {{Google Inc.}},
title = {Protocol Buffers},
OPThowpublished = {},
OPTmonth = {},
year = {2010},
note = {\url{code.google.com/apis/protocolbuffers}},
OPTannote = {}
}


@Manual{robocupgc,
OPTkey = {},
author = {Sebastian Petters and Tekin Meri\c{c}li},
title = {RoboCup Game Controller Open-Source Software},
OPThowpublished = {},
OPTmonth = {},
year = {2010},
note = {\url{sourceforge.net/projects/robocupgc}},
OPTannote = {}
}


@article{pubsub,
 author = {Eugster, Patrick Th. and Felber, Pascal A. and Guerraoui, Rachid and Kermarrec, Anne-Marie},
 title = {The many faces of publish/subscribe},
 journal = {ACM Computing Surveys},
 volume = {35},
 number = {2},
 year = {2003},
 issn = {0360-0300},
 pages = {114--131},
 doi = {http://doi.acm.org/10.1145/857076.857078},
 publisher = {ACM},
 address = {New York, NY, USA},
 }
 
 
 @article{blackboard,
 author = {Hayes-Roth, Barbara},
 title = {A blackboard architecture for control},
 journal = {Artificial Intelligence},
 volume = {26},
 number = {3},
 year = {1985},
 issn = {0004-3702},
 pages = {251--321},
 doi = {http://dx.doi.org/10.1016/0004-3702(85)90063-3},
 publisher = {Elsevier Science Publishers Ltd.},
 address = {Essex, UK},
 }
 
 
@Misc{BHuman2009,
  author = {Thomas R{\"o}fer and Tim Laue and Judith M{\"u}ller and Oliver B{\"o}sche and Armin Burchardt and Erik Damrose and Katharina Gillmann and Colin Graf and Thijs Jeffry de Haas and Alexander H{\"a}rtl and Andrik Rieskamp and Andr{\'e} Schreck and Ingo Sieverdingbeck and Jan-Hendrik Worch},
  title = {B-{H}uman Team Report and Code Release 2009},
  year = {2009},
  note = {Only available online: \url{www.b-human.de/download.php?file=coderelease09\_doc}}
}


@Misc{GT2005,
  author = {Thomas Rofer and Tim Laue and Michael Weber and Hans-Dieter Burkhard and Matthias Jungel and Daniel Gohring and Jan Hoffmann and Thomas Krause and Michael Spranger and Oskar von Stryk and Ronnie Brunn and Marc Dassler and Michael Kunz and Tobias Oberlies and Max Risler and Uwe Schwiegelshohn and Matthias Hebbel and Walter Nistico and Stefan Czarnetzki and Thorsten Kerkhof and Matthias Meyer and Carsten Rohde and Bastian Schmitz and Michael Wachter and Tobias Wegner and Christine Zarges},
  title = {German{T}eam 2005},
  INSTITUTION =  {Universitat Bremen, Humboldt-Universitat zu Berlin, Technische Universitat Darmstadt, and University of Dortmund},
  YEAR =         {2005},
 note = {Only available online: \url{www.germanteam.org/GT2005.pdf}}
  }




@Misc{Austrian-Kangaroos,
  author = {Markus Bader and Alexander Hofmann and Dietmar Schreiner},
  title = {Austrian {K}angaroos Team Description Paper},
  INSTITUTION =  {Vienna University of Technology, University of Applied Sciences Technikum Wien},
  YEAR =         {2009},
 note = {Only available online: \url{www.austrian-kangaroos.com}}
  }

@Misc{Zadeat,
  author = {Alexander Ferrein and Gerald Steinbauer and Graeme McPhillips and Tim Niem{\"u}ller and Anet Potgieter},
  title = {{Team Zadeat} - Team Report},
  INSTITUTION =  {RWTH Aache University, Graz University of Technology, University of Cape Town},
  YEAR =         {2009},
 note = {Only available online: \url{www.zadeat.org}}
  }
  
  
@Misc{Austin-Villa,
  author = {Todd Hester and Michael Quinlan and Peter Stone},
  title = {{UT Austin Villa} 2008: Standing On Two Legs},
  INSTITUTION =  {The University of Texas at Austin},
  YEAR =         {2008},
  note = {Only available online: \url{www.cs.utexas.edu/~AustinVilla}}
  }

@Misc{BreDoBrothers,
  author = {Stefan Czarnetzki and Daniel Hauschildt and S{\"o}ren Kerner and Oliver Urbann},
  title = {{BreDoBrothers} Team Report for {RoboCup} 2008},
  INSTITUTION =  {Robotics Research Institute, University of Dortmund},
  YEAR =         {2008},
 note = {Only available online: \url{www.bredobrothers.de}}
  }
